<record><leader>00000cas a2200000 a 4500</leader><controlfield tag="001">45837668</controlfield><controlfield tag="008">010202cuuuu9999vauwr ne      0    0eng c</controlfield><datafield ind1=" " ind2=" " tag="010"><subfield code="a">sn2001061802</subfield></datafield><datafield ind1=" " ind2=" " tag="040"><subfield code="a">NYG</subfield><subfield code="b">eng</subfield><subfield code="c">NYS</subfield><subfield code="d">NVK</subfield><subfield code="d">OCLCQ</subfield><subfield code="d">OCLCO</subfield><subfield code="d">OCLCF</subfield><subfield code="d">OCLCA</subfield></datafield><datafield ind1="1" ind2=" " tag="029"><subfield code="a">AU@</subfield><subfield code="b">000022243618</subfield></datafield><datafield ind1=" " ind2=" " tag="037"><subfield code="b">7913 Westpark Dr., McLean, VA 22102</subfield></datafield><datafield ind1=" " ind2=" " tag="042"><subfield code="a">pcc</subfield></datafield><datafield ind1=" " ind2=" " tag="043"><subfield code="a">n-us-va</subfield></datafield><datafield ind1="0" ind2="4" tag="245"><subfield code="a">The Arlington connection.</subfield></datafield><datafield ind1="3" ind2="0" tag="246"><subfield code="a">Connection</subfield></datafield><datafield ind1=" " ind2=" " tag="260"><subfield code="a">McLean, VA :</subfield><subfield code="b">Connection Pub.</subfield></datafield><datafield ind1=" " ind2=" " tag="300"><subfield code="a">v. :</subfield><subfield code="b">ill. (some col.) ;</subfield><subfield code="c">35 cm.</subfield></datafield><datafield ind1=" " ind2=" " tag="310"><subfield code="a">Weekly</subfield></datafield><datafield ind1=" " ind2=" " tag="500"><subfield code="a">Editor &amp; Publisher: Mary Kimm.</subfield></datafield><datafield ind1=" " ind2=" " tag="500"><subfield code="a">"A Connection Newspaper."</subfield></datafield><datafield ind1=" " ind2=" " tag="500"><subfield code="a">Description based: Vol. 22, no. 2 (Jan. 10-16, 2001).</subfield></datafield><datafield ind1=" " ind2=" " tag="580"><subfield code="a">Connection Publishing, Inc. also publishes: the Reston Connection, the Herndon Connection, the Vienna/Oakton Connection, the McLean Connection, the Great Falls Connection, the Springfield Connection, the Burke Connection, the Fairfax Connection, the Fairfax Station Connection, the Mount Vernon Connection, Centre View, the Alexandria Gazette Packet, the Loudoun Gazette, and the Potomac Almanac.</subfield></datafield><datafield ind1=" " ind2="0" tag="651"><subfield code="a">Arlington (Va.)</subfield><subfield code="v">Newspapers.</subfield></datafield><datafield ind1=" " ind2="0" tag="651"><subfield code="a">Arlington County (Va.)</subfield><subfield code="v">Newspapers.</subfield></datafield><datafield ind1=" " ind2="7" tag="655"><subfield code="a">Community newspapers</subfield><subfield code="z">Virginia.</subfield><subfield code="2">ngl</subfield></datafield><datafield ind1=" " ind2="7" tag="655"><subfield code="a">Newspapers.</subfield><subfield code="2">fast</subfield><subfield code="0">(OCoLC)fst01423814</subfield></datafield><datafield ind1=" " ind2="7" tag="651"><subfield code="a">Virginia</subfield><subfield code="z">Arlington.</subfield><subfield code="2">fast</subfield><subfield code="0">(OCoLC)fst01205304</subfield></datafield><datafield ind1=" " ind2="7" tag="651"><subfield code="a">Virginia</subfield><subfield code="z">Arlington County.</subfield><subfield code="2">fast</subfield><subfield code="0">(OCoLC)fst01219848</subfield></datafield><datafield ind1=" " ind2=" " tag="752"><subfield code="a">United States</subfield><subfield code="b">Virginia</subfield><subfield code="c">Arlington</subfield><subfield code="d">Arlington.</subfield></datafield><datafield ind1="1" ind2=" " tag="775"><subfield code="t">Springfield connection</subfield><subfield code="w">(DLC)sn 98068331</subfield></datafield><datafield ind1="1" ind2=" " tag="775"><subfield code="t">Reston connection</subfield></datafield><datafield ind1="1" ind2=" " tag="775"><subfield code="t">Herndon connection</subfield></datafield><datafield ind1="1" ind2=" " tag="775"><subfield code="t">Vienna/Oakton connection</subfield></datafield><datafield ind1="1" ind2=" " tag="775"><subfield code="t">McLean connection</subfield></datafield><datafield ind1="1" ind2=" " tag="775"><subfield code="t">Great Falls connection</subfield></datafield><datafield ind1="1" ind2=" " tag="775"><subfield code="t">Burke connection</subfield></datafield><datafield ind1="1" ind2=" " tag="775"><subfield code="t">Fairfax connection</subfield><subfield code="w">(DLC)sn2006060588</subfield></datafield><datafield ind1="1" ind2=" " tag="775"><subfield code="t">Fairfax Station connection</subfield></datafield><datafield ind1="1" ind2=" " tag="775"><subfield code="t">Loudoun connection</subfield><subfield code="w">(DLC)sn2006060510</subfield></datafield><datafield ind1="1" ind2=" " tag="775"><subfield code="t">Centre view</subfield><subfield code="w">(DLC)sn2006060533</subfield></datafield><datafield ind1="1" ind2=" " tag="775"><subfield code="t">Alexandria gazette packet</subfield><subfield code="w">(DLC)sn 98068147</subfield></datafield><datafield ind1="1" ind2=" " tag="775"><subfield code="t">Mount Vernon gazette (Mount Vernon, Va.)</subfield><subfield code="w">(DLC)sn2006060599</subfield></datafield><datafield ind1="1" ind2=" " tag="775"><subfield code="t">Potomac almanac</subfield></datafield></record>